<record><leader>00000cas a2200000 a 4500</leader><controlfield tag="001">11773947</controlfield><controlfield tag="008">850307d18791896ksuwr ne      0    0eng d</controlfield><datafield ind1=" " ind2=" " tag="010"><subfield code="a">sn 85029165 </subfield></datafield><datafield ind1=" " ind2=" " tag="040"><subfield code="a">KSH</subfield><subfield code="b">eng</subfield><subfield code="c">KSH</subfield><subfield code="d">NPT</subfield><subfield code="d">NPX</subfield><subfield code="d">OCL</subfield><subfield code="d">OCLCQ</subfield></datafield><datafield ind1=" " ind2=" " tag="042"><subfield code="a">msc</subfield></datafield><datafield ind1="0" ind2=" " tag="130"><subfield code="a">Jewell County monitor (Mankato, Kan. : 1879)</subfield></datafield><datafield ind1="1" ind2="0" tag="245"><subfield code="a">Jewell County monitor.</subfield></datafield><datafield ind1=" " ind2=" " tag="260"><subfield code="a">Jewell Centre [i.e. Mankato], Kan. :</subfield><subfield code="b">J. Thompson &amp; Co.,</subfield><subfield code="c">1879-1896.</subfield></datafield><datafield ind1=" " ind2=" " tag="300"><subfield code="a">17 v. :</subfield><subfield code="b">ill. ;</subfield><subfield code="c">55-64 cm.</subfield></datafield><datafield ind1=" " ind2=" " tag="310"><subfield code="a">Weekly</subfield></datafield><datafield ind1="0" ind2=" " tag="362"><subfield code="a">Vol. 5, no. 51 (Oct. 2, 1879)-v. 22, no. 28 (Apr. 29, 1896).</subfield></datafield><datafield ind1=" " ind2=" " tag="500"><subfield code="a">"Republican."</subfield></datafield><datafield ind1=" " ind2=" " tag="752"><subfield code="a">United States</subfield><subfield code="b">Kansas</subfield><subfield code="c">Jewell</subfield><subfield code="d">Mankato.</subfield></datafield><datafield ind1=" " ind2=" " tag="752"><subfield code="a">United States</subfield><subfield code="b">Kansas</subfield><subfield code="c">Jewell</subfield><subfield code="d">Jewell Centre.</subfield></datafield><datafield ind1="0" ind2="0" tag="780"><subfield code="t">Jewell County monitor-diamond</subfield><subfield code="w">(DLC)sn 85029174</subfield></datafield><datafield ind1="0" ind2="5" tag="780"><subfield code="t">Kansas jewellite</subfield><subfield code="g">Feb. 14, 1884</subfield><subfield code="w">(DLC)sn 85029175</subfield></datafield><datafield ind1="0" ind2="7" tag="785"><subfield code="t">Jewell County review (Mankato, Kan. : 1885)</subfield><subfield code="w">(DLC)sn 85029906</subfield></datafield><datafield ind1="0" ind2="7" tag="785"><subfield code="t">Jewell County monitor and review</subfield><subfield code="w">(DLC)sn 85029170</subfield></datafield></record>